<?xml version="1.0" encoding="UTF-8"?><collection xmlns="http://www.loc.gov/MARC21/slim"><record><leader>00498nam--2200169-i-4500</leader><controlfield tag="001">000010280</controlfield><controlfield tag="002">20161230</controlfield><controlfield tag="005">20161230201028</controlfield><controlfield tag="008">060222s1000------------r-----000-0-eng-d</controlfield><datafield ind1=" " ind2=" " tag="040"><subfield code="a">IFIN-HH</subfield></datafield><datafield ind1=" " ind2=" " tag="080"><subfield code="a">539.141:539.2</subfield></datafield><datafield ind1="1" ind2=" " tag="100"><subfield code="a">Bodenstedt, E</subfield></datafield><datafield ind1="1" ind2="0" tag="245"><subfield code="a">Lectures on hypeerfine interactions, a field between nuclear physics and solid state physics</subfield><subfield code="c">E. bodenstedt</subfield></datafield><datafield ind1=" " ind2=" " tag="260"><subfield code="a">Leuven</subfield><subfield code="b">University Of Leuven</subfield><subfield code="c">1969</subfield></datafield><datafield ind1=" " ind2=" " tag="300"><subfield code="a">268 P</subfield></datafield><datafield ind1=" " ind2=" " tag="852"><subfield code="a">37505</subfield><subfield code="c">539.14</subfield></datafield><datafield ind1=" " ind2=" " tag="CAT"><subfield code="a">Sys</subfield><subfield code="c">20120328</subfield><subfield code="h">143254</subfield></datafield></record></collection>